@misc{dd,
 title = {dd > Wiki > ubuntuusers.de},
 howpublished = {\url{https://wiki.ubuntuusers.de/dd/}},
 note = {Zuletzt Aufgerufen: 24.06.2017}
}
@misc{update,
 title = {UnattendedUpgrades - Debian Wiki},
 howpublished = {\url{https://wiki.debian.org/UnattendedUpgrades}},
 note = {Zuletzt Aufgerufen: 25.06.2017}
}
@misc{tmux,
 title = {tmux > Wiki > ubuntuusers.de},
 howpublished = {\url{https://wiki.ubuntuusers.de/tmux/}},
 note = {Zuletzt Aufgerufen: 25.06.2017}
}
@misc{cron,
 title = {Cron > Wiki > ubuntuusers.de},
 howpublished = {\url{https://wiki.ubuntuusers.de/Cron/}},
 note = {Zuletzt Aufgerufen: 25.06.2017}
}
@misc{tar,
 title = {tar > Wiki > ubuntuusers.de},
 howpublished = {\url{https://wiki.ubuntuusers.de/tar/}},
 note = {Zuletzt Aufgerufen: 25.06.2017}
}
@misc{rsync,
 title = {rsync > Wiki > ubuntuusers.de},
 howpublished = {\url{https://wiki.ubuntuusers.de/rsync/}},
 note = {Zuletzt Aufgerufen: 25.06.2017}
}
@misc{postfix,
 title = {Banana Pi -Postfix installieren und einrichten - My5Cent},
 howpublished = {\url{http://my5cent.spdns.de/allgemein/banana-pi-postfix-installieren-und-einrichten.html}},
 note = {Zuletzt Aufgerufen: 25.06.2017}
}
@misc{samba,
 title = {How to Create a Network Share Via Samba via CLI},
 howpublished = {\url{https://help.ubuntu.com/community/How%20to%20Create%20a%20Network%20Share%20Via%20Samba%20Via%20CLI%20%28Command-line%20interface/Linux%20Terminal%29%20-%20Uncomplicated%2C%20Simple%20and%20Brief%20Way%21#About_This_Guide}},
 note = {Zuletzt Aufgerufen: 25.06.2017}
}
@misc{noip,
 title = {No-IP Manual Instalation},
 howpublished = {\url{https://www.togaware.com/linux/survivor/No_IP_Manual.html}},
 note = {Zuletzt Aufgerufen: 25.06.2017}
}
